2648 4476
116 120 159 191 38

115 311 225 396 poterit
235 330 414 378 meminere
425 310 548 378 amanti‘
560 312 595 397 2)
608 328 675 376 cum
694 310 754 376 dat.
773 311 816 376 rei
835 308 869 375 P.
887 308 932 376 Ili
948 306 1021 390 &13
1037 309 1080 390 ‚at
1094 308 1132 375 tu
1149 329 1230 377 nuno

115 419 226 491 nostro,
257 416 366 484 Venus.
394 438 539 483 streeorve
565 416 675 481 dolori‘
704 416 746 482 IV
769 416 863 496 14,l9
885 414 1054 503 ,Antiopae
1074 434 1230 505 nusquam

115 523 275 588 merereris
296 522 415 591 habenti
436 525 482 592 ror
503 522 602 591 mala‘.

118 872 142 969 ἓ
174 877 219 951 11
261 877 380 951 Verba
399 895 477 951 oum
494 832 808 968 praepositionibus
827 875 1123 969 inseparabilibus
1146 875 1234 969 dis,

483 1039 546 1111 se·,
572 1039 626 1086 re·
653 1020 851 1114 composita,

68 1341 72 1347 .
117 1252 147 1320 in
171 1255 277 1338 quibus
299 1256 418 1340 propria
439 1254 666 1339 praepositionis
681 1254 736 1331 vis,
752 1272 821 1319 cum
837 1274 895 1320 non
910 1258 974 1320 tam
990 1257 1026 1321 ad
1043 1260 1232 1325 structuram

120 1375 138 1424 a
158 1357 378 1441 praepositione
399 1357 575 1441 pendentem
601 1376 690 1439 quam
714 1357 750 1421 ad
772 1358 1021 1444 significationem
1044 1363 1129 1428 verbi
1162 1385 1233 1449 per-

117 1460 221 1541 tineat,
255 1466 315 1527 fero
347 1462 422 1528 nihii
452 1461 532 1524 valet
562 1459 620 1525 nisi
647 1459 724 1543 quod
755 1461 900 1544 simplicis
922 1465 1003 1528 notio
1029 1469 1232 1546 permutatur.

119 1562 265 1630 Omnibus
288 1566 455 1631 communis
477 1565 523 1627 est
545 1564 626 1628 notio
649 1564 814 1647 separandi.
832 1566 884 1631 sed
900 1566 990 1631 itaut
1006 1573 1233 1653 praepositione

120 1669 186 1734 dis-
219 1672 376 1753 praecipue
404 1686 452 1732 res
480 1669 510 1731 in
540 1666 672 1731 diversas
696 1670 795 1748 partes
817 1666 968 1734 discedere
989 1672 1149 1750 indicetur,
1174 1697 1235 1760 qua

120 1793 152 1839 re
174 1774 264 1839 verba
286 1792 427 1856 persaepe
449 1770 631 1836 contrarium
654 1789 775 1834 sensum
798 1772 944 1853 simplicis
972 1775 1120 1843 exhibent.
1177 1781 1235 1846 Vis

119 1878 258 1960 negativa
279 1879 377 1944 verbis
400 1897 467 1942 cum
488 1896 536 1939 se·
562 1873 736 1956 compositis
762 1877 896 1957 augetur,
927 1897 985 1959 qua
1006 1882 1040 1943 ut
1068 1900 1116 1945 res
1144 1885 1234 1966 quasi

121 1980 185 2045 sine
208 1981 308 2065 aliqua
329 2001 361 2047 re
383 1983 423 2046 sit
444 1980 600 2046 efficiatur.
645 1975 752 2041 Verbis
774 1982 875 2043 autem
891 2001 960 2047 cum
974 2004 1024 2047 re·
1042 1988 1235 2068 compositis,

118 2084 227 2166 quippe
242 2103 317 2168 quae
333 2083 370 2150 ad
385 2103 506 2149 sensum
520 2081 652 2147 maxima
666 2080 809 2145 varietate
820 2088 1009 2168 usurpentur,
1023 2091 1076 2154 aut
1086 2090 1232 2169 efficitur,

118 2191 152 2256 ut
175 2207 222 2254 res
244 2191 443 2252 retroversum
464 2187 513 2251 vel
536 2185 695 2249 adversum
718 2181 781 2262 fiat,
797 2187 850 2249 aut
867 2206 920 2269 per
941 2192 1184 2273 translationem,
1201 2200 1238 2261 ut

122 2313 179 2378 quo
203 2295 283 2357 statu
305 2295 393 2356 antea
414 2310 461 2356 res
482 2289 572 2354 fuerit
594 2288 769 2352 restituatur
790 2288 839 2353 vcl
853 2290 885 2354 in
898 2311 1009 2361 novum
1032 2300 1236 2378 pervertatur.

119 2396 248 2477 Quare,
271 2415 340 2460 cum
362 2395 452 2460 verba
474 2414 543 2459 cum
566 2393 632 2457 dis-
658 2395 689 2457 et
710 2412 759 2455 se·
791 2396 957 2476 composita
977 2402 1095 2482 praeter
1120 2401 1237 2468 ablati·

117 2520 189 2567 vum
212 2499 307 2564 rarius
329 2501 494 2564 exstantem
516 2499 577 2562 fero
600 2495 717 2560 nullam
739 2496 798 2561 nisi
819 2484 1113 2584 o‘praepositionem
1136 2507 1236 2572 ascis-

120 2606 199 2681 cant,
221 2602 269 2667 his
291 2600 510 2666 diversissimae
534 2598 769 2666 constructiones
792 2601 1002 2688 adiunguntur.
1035 2643 1075 2653 —
1104 2605 1237 2691 Singula
1313 2652 1315 2661 ·

117 2707 218 2782 verba,
241 2724 367 2789 quorum
382 2723 524 2771 numerus
540 2702 618 2787 apud
633 2701 751 2766 nostros
766 2706 869 2788 poetas
884 2708 964 2772 baud
979 2728 1108 2793 magnus
1124 2715 1236 2789 exstat

117 2815 188 2879 sunt
208 2810 296 2875 haec:

160 2928 316 3014 digredi
346 2926 411 3013 (O.)
442 2946 511 2992 cum
540 2944 642 3009 praep.
675 2945 695 2988 o
724 2923 755 2990 O.
786 2927 902 3005 64,116
932 2931 995 3009 ,sed
1025 2934 1096 3015 quid
1127 2955 1184 3019 ego
1216 2958 1238 3002 o

119 3038 217 3121 primo
239 3035 397 3118 dipressos
419 3033 550 3098 carmine
571 3031 659 3113 plura
680 3040 935 3098 commemorent

159 3159 314 3224 diluere
344 3155 406 3242 (P.)
434 3174 503 3221 cum
532 3172 634 3236 praep.
669 3173 707 3216 eoo
735 3154 770 3217 P.
798 3151 841 3216 IV
876 3154 947 3232 16‚6
982 3157 1024 3231 ‚tu
1057 3157 1166 3222 vitium
1199 3183 1239 3227 eoo
1315 3246 1318 3251 Ι

120 3266 219 3331 animo
241 3264 326 3328 ditare
349 3311 356 3325 .
382 3313 389 3327 .
411 3267 500 3326 meo‘.

160 3382 366 3450 discedere
390 3381 439 3466 (T.
462 3380 512 3466 Ρ.)
535 3380 570 3444 Τ.
594 3380 814 3464 praepositione
839 3403 860 3446 o
880 3385 911 3448 ΙΙ
935 3385 1005 3463 1,11
1028 3385 1177 3467 ‚discedot
1197 3391 1238 3456 ab

119 3489 188 3554 aris‘
218 3488 254 3552 P.
282 3487 329 3551 bis
358 3485 488 3550 ablativo
519 3485 612 3548 utitur
642 3483 672 3548 ΙΙ
701 3485 752 3562 7,7
783 3505 865 3564 ‚nam
893 3488 981 3552 citius
1003 3491 1121 3571 paterer
1144 3499 1240 3577 caput

127 3595 184 3660 hoc
205 3593 356 3656 discedere
377 3591 462 3656 coilo‘
483 3591 528 3655 ΙΙΙ
552 3589 620 3667 12‚1
646 3589 777 3653 discedis
797 3591 910 3655 Recio.

166 3714 364 3779 dissidere
399 3710 463 3798 (P.)
498 3729 566 3776 cum
601 3710 660 3776 abl.
695 3711 731 3776 P.
765 3712 779 3775 Ι
814 3713 886 3790 12,4
915 3719 1071 3797 ‚quantum
1097 3718 1240 3801 Hypanis

121 3818 235 3884 Veneto
257 3820 387 3883 dissidet
408 3817 572 3881 Eridooo‘.

165 3939 315 4007 distare
344 3939 406 4025 (P.)
439 3959 508 4005 cum
534 3960 636 4026 praep,
666 3961 688 4004 o
714 3940 757 4006 IV
785 3941 856 4020 4,17
879 3941 991 4031 ‚Lydus
1013 3943 1154 4012 Dulichio
1177 3971 1240 4018 non

118 4045 215 4113 distat
236 4044 362 4111 Croesus
383 4045 423 4110 ob
444 4047 513 4115 Iro‘.
