2648 4476
575 865 703 1043 dap.
752 869 851 1009 IV.

261 1280 373 1363 Quarto
395 1281 462 1348 loco
482 1281 614 1348 brevitor
631 1281 776 1349 disserere
797 1283 880 1351 volui
907 1283 944 1350 do
974 1283 1162 1359 discrimine.
1197 1288 1276 1371 quod

155 1382 314 1450 intercedit
334 1386 412 1451 inter
438 1384 549 1452 Catulli
580 1385 693 1452 Tibulli
725 1386 873 1471 Propertii
902 1388 1083 1453 structuram
1107 1390 1277 1455 verborum

155 1489 399 1573 compositorum.
453 1487 550 1569 Quam
587 1488 686 1574 legem
723 1490 785 1554 iam
822 1489 853 1553 iu
890 1488 1072 1576 praefatione
1105 1491 1201 1578 tetigi
1237 1531 1275 1540 —

154 1592 268 1677 priores
284 1592 442 1678 scriptores
457 1592 720 1677 praepositionem,
736 1592 916 1677 posteriores
930 1591 1043 1658 nudum
1059 1610 1167 1659 casum
1186 1615 1276 1682 prae·

154 1694 260 1761 tulisse
282 1732 324 1742 -
346 1714 413 1761 eam
436 1695 528 1761 etiam
551 1697 582 1760 in
603 1695 658 1762 hos
679 1699 783 1783 poetas
811 1695 915 1761 cadere
937 1695 1082 1761 dinamus.
1128 1694 1166 1763 Si
1189 1701 1274 1768 euim

154 1797 283 1864 indicem
306 1799 529 1864 consideramus
550 1798 593 1864 ita
608 1799 795 1878 institutum?
807 1802 841 1864 ut
853 1799 989 1865 omnium
1005 1797 1171 1867 vorborum
1188 1821 1276 1869 oom-

153 1899 331 1985 positorum‚
354 1921 429 1985 quae
452 1921 470 1967 a
491 1902 619 1987 singulis
641 1902 806 1988 elegiarum
831 1902 928 1989 poetis
950 1904 1142 1987 usurpantur,
1169 1906 1276 1973 calcu

153 2005 217 2069 lum
247 2005 450 2070 subducamus
480 2025 514 2070 ao
542 2007 706 2070 struoturas
736 2024 811 2087 quae
840 2004 1019 2071 adhibentur
1046 2010 1275 2092 computemus.

154 2106 216 2173 fere
238 2108 268 2172 in
292 2109 431 2173 omnibus
454 2108 554 2175 verbis
577 2128 612 2172 er
633 2107 884 2194 praepositionem
908 2108 1010 2174 ordine
1027 2107 1188 2194 dispositis
1204 2133 1276 2180 nor·

153 2230 235 2276 mam
266 2229 356 2295 supra
387 2210 509 2275 allatam
541 2229 748 2294 agnoscemus,
772 2210 815 2275 ita
836 2214 871 2275 ut
892 2211 1071 2296 praepositio
1097 2214 1277 2282 maximos

154 2312 273 2378 Catullo
295 2313 395 2378 minus
418 2332 436 2378 a
458 2312 580 2377 Tibullo
603 2314 728 2378 minime
751 2332 768 2377 a
790 2312 947 2398 Propertio
969 2313 1157 2396 adhibeatur,
1187 2337 1277 2385 casus

153 2417 255 2480 autem
277 2415 374 2480 nudus
397 2413 527 2480 maxime
550 2434 568 2480 a
589 2415 746 2501 Propertio
767 2415 892 2481 minime
913 2414 1064 2481 adstullo
1080 2417 1275 2489 admittatur.

258 2585 317 2651 Sed
339 2585 417 2668 quod
440 2584 500 2651 diri
521 2586 676 2672 aptissime
698 2586 754 2655 sub
777 2588 880 2653 oculos
902 2588 983 2654 oadit
1004 2587 1102 2654 iudice
1125 2588 1206 2658 boo:

211 2740 369 2846 ludicaturop.
383 2743 405 2822 l.
420 2742 444 2821 l.
459 2744 480 2822 l.
552 2744 580 2847 r)
608 2772 693 2823 unm
706 2746 819 2823 sorbonn
847 2745 874 2848 b)
893 2745 978 2848 quoties
992 2746 1079 2849 singula
1092 2746 1274 2852 orirrgrrtrrr

866 2887 890 2933 c.
906 2888 1006 2955 praep.
1030 2888 1055 2933 c.
1068 2868 1130 2935 dat.
1152 2890 1181 2937 c.
1199 2873 1262 2940 abl.

152 2965 530 3056 cumadaexapudc:
684 2970 725 3035 29
935 2972 969 3038 17
1057 2973 1098 3038 14
1188 2978 1232 3042 14

684 3073 726 3138 24
950 3072 968 3140 7
1055 3075 1095 3141 12

680 3176 721 3241 33
928 3177 966 3242 lo
1053 3178 1095 3244 20

704 3279 725 3344 9
947 3281 968 3348 3
1055 3282 1093 3346 11

686 3378 722 3446 17
947 3385 966 3450 2
1052 3385 1094 3449 24
1184 3419 1227 3439 -a

679 3486 720 3550 20
925 3488 959 3552 11
1050 3488 1092 3551 26

706 3583 723 3653 7
947 3586 970 3655 4
1073 3590 1095 3658 8

703 3686 722 3757 7
946 3696 966 3759 2
1053 3693 1095 3760 10

946 3798 965 3864 2

945 3901 966 3966 6

942 4004 963 4072 8

945 4107 963 4175 1

208 3270 247 3343 ad

681 3796 721 3860 10
1052 3796 1094 3864 22

681 3899 723 3965 10
1073 3894 1092 3966 7

679 4002 720 4066 14
1051 4007 1090 4069 14

680 4104 721 4175 lo
1051 4107 1091 4175 22

477 3070 530 4175 ’ΣΡΪῗΞΡΓΡῖῗῨΡΓΡΓέΟΖἙ-’Ῥ
