2648 4476
134 170 155 250 d

136 373 364 448 1810111911.
396 372 600 460 18181999).
635 373 742 458 1880),
773 374 892 442 etiamsi
921 373 1042 457 propter
1070 389 1163 438 novos
1191 370 1242 456 qui

136 481 313 547 adhibentur
334 481 428 547 libros
449 485 685 568 manuscriptos
707 482 818 550 0919111
834 481 1032 551 Oxoniensem
1049 479 1111 570 (0),
1127 479 1243 547 Tibulli

135 584 370 652 Ambrosianum
404 586 460 672 (Α)
497 587 677 656 Vaticanum
708 589 763 676 (V)
793 588 1062 672 Guelferbytannm
1093 585 1148 672 (G)
1181 604 1242 651 non

135 691 219 754 erant
241 690 437 775 negligendae
459 692 493 756 et·
511 694 589 758 eerte
612 692 729 759 0919119
754 695 784 759 91
807 692 927 759 Tibullo
956 690 1139 776 permultum
1171 708 1242 771 pro·

134 791 264 862 iuuerunt.
287 795 318 859 in
341 795 397 860 bae
417 814 449 859 re
471 814 529 859 non
553 815 619 861 sum
643 798 772 866 9999199,
797 797 1020 880 cumprimum
1041 813 1152 877 magua
1169 793 1243 859 libi-

135 895 213 972 dine,
236 917 295 981 999
316 918 457 964 versuum
480 899 551 965 ordo
573 903 769 982 permutatur.
792 901 823 967 in
844 901 930 967 libris
952 899 1123 966 9991999119
1144 898 1243 964 maxi·

135 1019 202 1066 mae
225 1003 370 1068 exsistant
393 1002 594 1077 difficultates,
616 1005 722 1070 deinde
736 1005 881 1071 editiones
896 1024 955 1070 non
969 1003 1060 1083 idem,
1076 1005 1110 1068 ut
1125 1002 1242 1085 opinor,

134 1104 265 1171 babeant
294 1108 434 1191 pretium.
485 1106 566 1174 Nam
595 1109 674 1192 9991
702 1109 800 1175 editor
827 1129 844 1175 a
873 1107 993 1174 Tibullo
1022 1107 1123 1173 omnia
1165 1125 1242 1189 quae

133 1209 298 1275 seeundum
331 1210 442 1277 librum
476 1214 639 1295 sequuntur
672 1213 847 1280 abiudieans
875 1212 953 1279 19199
982 1212 1014 1278 19
1042 1209 1243 1295 appendicem

132 1312 259 1396 reponit,
281 1334 385 1381 vereor
406 1317 440 1380 ut
463 1315 626 1382 tenendum
647 1317 696 1382 sit.
746 1316 871 1402 illegias
898 1316 942 1382 IV
970 1316 1083 1383 2-6.
1114 1314 1164 1382 13.
1189 1314 1241 1380 14.

133 1416 269 1502 (Miller)
293 1418 401 1485 saltem
424 1418 611 1485 Tibullianas
634 1440 698 1487 esse
722 1420 872 1487 Antonius
893 1419 1031 1504 Zingerle
1045 1418 1070 1506 ⁰)
1098 1416 1242 1503 probabi-

131 1515 201 1585 liter
235 1541 304 1587 mea
340 1522 460 1606 quidem
497 1524 644 1589 sententia
674 1525 818 1609 exposuit.
868 1522 954 1604 Quod
983 1523 1020 1589 ad
1048 1523 1242 1607 Pmpertium

132 1625 240 1690 attinet
273 1625 361 1692 illurn
391 1626 471 1692 baud
500 1645 650 1711 prospere,
680 1631 841 1713 postquam
869 1628 965 1695 bonos
995 1626 1112 1693 9911999
1141 1625 1241 1691 Lash-

132 1728 309 1794 mannianos
330 1729 564 1814 Neapolitanum
586 1730 643 1818 (N)
667 1734 697 1798 91
719 1729 944 1818 Groninganum
967 1728 1021 1813 (0)
1042 1729 1156 1795 reieoit.
1186 1728 1240 1793 de-

131 1831 256 1898 teriores
278 1832 468 1899 substituisse
489 1834 670 1900 Vossianum
693 1835 750 1920 (Α)
773 1835 1023 1901 Dauentriensem
1039 1832 1240 1920 (1))119199-

132 1935 231 2002 tinum
268 1935 321 2023 (1)
355 1935 773 2006 Ottoboniano-Vatioanum
806 1937 860 2026 (V)
892 1939 966 2006 satis
998 1938 1240 2004 demonstratum

132 2040 258 2125 putes).

235 2178 415 2262 Priusquam
437 2181 538 2246 autem
560 2179 598 2247 ad
618 2199 683 2246 rem
703 2180 802 2265 ipsam
824 2178 1002 2246 aeoedamus
1024 2178 1128 2262 aptum
1151 2176 1237 2242 vide-

135 2283 184 2347 tur
217 2301 307 2365 quam
340 2282 516 2350 brevissime
551 2284 674 2351 nonulla
707 2284 739 2351 in
767 2283 940 2350 universum
969 2283 1129 2366 disputare.
1162 2298 1239 2363 quae

132 2385 283 2468 pertinent
304 2386 342 2451 ad
364 2387 436 2462 9199,
458 2406 548 2471 quam
571 2387 661 2454 infert
681 2387 863 2472 praepositio
890 2387 981 2454 verbo
1009 2404 1137 2470 quooum
1166 2402 1239 2448 eon-

132 2489 273 2574 iungitur.
311 2489 428 2574 Duplex
450 2490 607 2557 verborum
622 2492 856 2574 compositorum
870 2509 966 2575 genus
980 2488 1109 2555 disoemi
1122 2488 1238 2571 potest:

131 2593 235 2659 autin
257 2592 365 2677 quibus
386 2594 567 2677 praepositio
591 2594 629 2660 ad
650 2596 830 2661 stuoturam
859 2594 922 2659 vim
950 2593 1100 2676 quandam
1128 2590 1240 2656 habeat

131 2697 184 2762 aut
205 2715 333 2780 quorum
354 2699 534 2765 constructio
549 2698 768 2783 praepositione
781 2699 895 2764 intaeta
915 2698 1110 2780 relinquatur.
1153 2685 1240 2761 Nihil

131 2800 213 2867 valet
233 2800 414 2884 praepositio
437 2801 475 2868 ad
497 2804 688 2881 strueturam,
701 2803 727 2870 91
740 2802 772 2868 19
792 2801 891 2868 verbis
906 2801 1080 2884 eompositis
1094 2801 1138 2868 ita
1153 2817 1239 2882 repe-

131 2905 217 2984 ritur,
239 2907 274 2970 91
295 2924 364 2971 oum
386 2904 477 2970 verbo
499 2905 532 2971 in
552 2923 645 2970 unam
667 2906 697 2971 et
727 2903 959 2988 inseparabilem
986 2905 1138 2970 notionem
1168 2920 1239 2968 eon-

131 3009 282 3082 fundatur.
325 3010 380 3076 Vis
402 3012 503 3076 autem
525 3010 755 3094 praepositionis
777 3011 882 3086 exstat,
905 3009 931 3075 si
960 3006 1094 3073 eiusdem
1122 3005 1239 3089 signifi-

132 3113 209 3179 oatio
245 3115 276 3179 et
311 3114 459 3179 sbuotura
497 3114 627 3197 propria,
657 3114 691 3178 ut
717 3131 771 3196 pro
797 3112 888 3179 verbo
918 3110 1084 3195 composito
1113 3107 1241 3190 simplex

135 3236 251 3300 quoque
274 3235 343 3283 eum
364 3215 585 3300 praepositione
605 3215 709 3297 reponi
730 3214 835 3298 possit,
857 3214 1017 3292 obtinetur,
1047 3213 1099 3278 aut
1126 3212 1151 3276 91
1173 3229 1240 3276 om-

113 3337 115 3342 ’
135 3320 206 3386 9199
227 3319 446 3404 praepositione
469 3320 585 3385 9119919
599 3318 689 3384 verbo
705 3317 884 3403 significatio
899 3315 1027 3394 additur,
1045 3334 1120 3399 quae
1135 3333 1240 3380 easum

135 3423 284 3507 quendam
306 3423 368 3487 sive
389 3422 522 3500 tertium,
544 3420 622 3504 quod
644 3420 884 3504 frequentissime
904 3421 949 3498 lit,
972 3419 1035 3485 sive
1057 3419 1175 3484 sextum
1191 3418 1242 3483 vel

135 3529 275 3609 quartum
297 3526 404 3611 exigat,
428 3544 482 3610 pro
504 3525 612 3607 quibus
632 3524 712 3590 haud
733 3542 800 3589 raro
814 3522 995 3607 praepositio
1010 3522 1157 3605 quaedam
1171 3541 1241 3586 eum

135 3649 206 3696 9999
227 3648 281 3694 suo
304 3630 466 3714 reponitur.
511 3629 557 3693 De
578 3628 635 3694 hoe
655 3629 773 3694 tantum
795 3645 903 3712 genere
931 3626 1076 3692 disserere
1106 3623 1181 3690 mihi
1208 3624 1240 3688 in

232 3802 253 3870 ³)
272 3801 399 3872 Zingerle,
417 3800 496 3856 klein.
515 3799 606 3870 philol.
624 3799 846 3870 abhandlungen,
865 3799 901 3854 Π.
920 3797 1123 3866 Η9119.1599.
1153 3796 1234 3851 1999-

133 3889 216 3945 brunk
232 3889 308 4045 {two}
343 3975 387 4030 Fr.
413 3975 466 4030 Leo
491 3990 551 4029 mus
575 3973 658 4028 Rhen.
683 3990 707 4028 a.
728 3973 795 4028 1880
812 3988 837 4040 p.
853 3971 902 4026 441
920 3989 959 4042 99.
994 3970 1138 4039 1119991199,
1162 3967 1240 4023 deut

131 4062 193 4117 sohe
211 4062 457 4132 Liberaturzeitnng
483 4061 550 4117 1880
571 4077 596 4130 p.
620 4059 680 4124 231,
704 4075 744 4130 99.
767 4060 796 4113 91
818 4059 968 4128 nuperrime
992 4057 1103 4113 Carolus
1129 4054 1234 4110 Brandt

128 4147 317 4222 ,09999119999
335 4146 534 4218 Propertianaa‘
551 4145 615 4204 1199.
633 4146 719 4202 Berol.
739 4145 814 4201 1880.
