2648 4476
200 794 393 917 Quamquam
416 827 452 898 de
473 832 629 914 poetarum
653 828 851 916 elegiacorum
868 826 979 895 Catulli
995 826 1108 893 Tibulli
1124 826 1198 892 Pro-

91 934 181 1021 pertii
202 934 343 1024 loquendi
364 953 420 1000 usu
442 933 607 1018 permultae
630 934 726 1000 iactae
748 936 819 999 suut
839 933 1038 1021 quaestiones,
1061 933 1092 998 iu
1108 931 1198 996 verba

92 1040 269 1122 composite,
293 1039 402 1127 quippe
424 1057 498 1122 quae
527 1038 565 1103 ad
594 1038 780 1108 subtiliorem
811 1041 966 1121 poetarum
991 1026 1198 1120 'cognitionem

91 1141 172 1208 lrnud
193 1143 278 1226 parui
307 1143 453 1213 momenti
483 1143 552 1218 siut,
583 1161 670 1213 nemo
700 1142 797 1211 adhuc
827 1141 1003 1224 diligentius
1032 1140 1196 1226 inquisivit.

90 1244 173 1313 Nam
193 1246 346 1314 Ulriobius
368 1264 483 1330 quoque
498 1247 530 1311 lu
545 1247 795 1314 commentatione
811 1265 886 1330 quoe
901 1249 946 1311 est
967 1245 1013 1324 ‚de
1041 1245 1200 1310 verborum

44 1404 47 1410 .
91 1351 326 1434 compositorum
360 1369 434 1438 quae
470 1352 587 1426 exstant
615 1349 694 1434 apud
719 1350 861 1418 Plautum
893 1352 1051 1418 structura‘
1081 1348 1198 1434 (Progr.

92 1454 185 1520 schol.
214 1454 298 1524 latin.
330 1454 418 1522 Halis
450 1454 555 1537 1880),
586 1455 642 1519 etsi
671 1454 731 1519 iere
761 1455 895 1520 omnium
923 1457 1079 1538 poetarum
1109 1452 1200 1518 verba

91 1559 258 1643 composita
288 1577 356 1624 cum
383 1557 487 1625 Plauti
516 1558 710 1641 compararit,
741 1557 777 1622 de
808 1558 919 1625 uostris
946 1577 1042 1642 pauca
1068 1559 1197 1627 tantum.

90 1681 165 1750 quae
187 1661 306 1748 quidem
329 1663 495 1746 quaestioni
518 1662 627 1736 favent,
657 1665 686 1727 et
715 1663 829 1729 minore
860 1662 1017 1748 diligentia
1031 1665 1055 1746 1)
1084 1658 1197 1726 attulit.

91 1763 214 1848 Quare
244 1766 357 1833 factum
386 1769 441 1844 est,
472 1771 506 1830 ut
537 1766 573 1831 de
602 1766 760 1832 verborum
790 1768 1024 1851 compositorum
1050 1767 1200 1832 structura

22 1884 28 1892 ·
85 1870 171 1958 'apud
203 1867 357 1936 Catullum
391 1870 547 1959 Tibullum
580 1870 780 1954 Propertium,
816 1872 924 1956 quibus
954 1870 1090 1954 exempla
1120 1868 1200 1937 baud

91 1973 256 2058 frequentia
278 1973 474 2057 Priapeorum
497 1974 558 2039 suis
580 1974 654 2040 loeis
676 1973 762 2053 addo,
785 1975 930 2040 disserere
953 1975 1135 2040 inanimum
1151 1973 1198 2039 in·

92 2076 235 2144 duxerim.
281 2076 424 2144 Omnium
446 2096 522 2161 quae
544 2076 582 2143 ad
596 2077 687 2143 verbe
700 2079 869 2167 composita
883 2079 1033 2162 pertinent
1048 2077 1199 2161 quaestio·

93 2200 165 2246 num
195 2185 225 2249 et
253 2181 380 2247 Ulrichii
412 2201 502 2265 supra
530 2181 685 2247 nominata
714 2183 927 2249 commentatio
956 2185 987 2247 et
1016 2182 1055 2246 H.
1084 2179 1200 2247 Kellori

92 2285 262 2351 dissertatio
293 2285 339 2359 ,de
369 2285 528 2351 verborum
560 2304 628 2356 cum
662 2285 931 2370 praepositionibus
964 2285 1199 2368 compositorum

92 2388 171 2472 apud
192 2388 366 2454 Lucretium
389 2397 454 2454 usu‘
479 2387 579 2472 (Helie
602 2386 699 2473 1880)
721 2389 759 2455 ad
780 2389 936 2467 rationem,
960 2409 1018 2473 qua
1033 2389 1064 2454 in
1089 2388 1200 2453 disser-
1294 2418 1297 2426 ·

92 2493 205 2558 tatione
234 2511 306 2556 usus
336 2511 413 2568 sum,
445 2493 575 2557 maximo
603 2492 678 2557 mihi
706 2493 825 2557 fuerunt
845 2493 912 2558 usui
926 2497 962 2577 ²).
1007 2492 1076 2558 Non
1097 2491 1198 2557 minus

91 2595 184 2661 debeo
217 2594 303 2660 libris
335 2595 577 2661 doctissimorum
610 2596 742 2661 virorum
776 2596 811 2660 R.
846 2596 999 2663 Kuehneri
1033 2595 1198 2672 „ausfdhrl

90 2699 259 2767 Grammat.
282 2699 310 2764 d.
327 2699 380 2765 lat.
396 2699 548 2783 Spraehe“
565 2698 718 2783 (Hannon.
738 2698 834 2786 1878)
851 2701 881 2765 et
897 2700 1038 2785 Draegen'
1056 2699 1198 2778 „histori-

91 2803 161 2870 sohe
183 2801 295 2887 Syntax
319 2802 347 2866 d.
370 2802 423 2868 lat.
457 2801 546 2886 Spr.“
576 2802 714 2887 (Leipzig
747 2803 1201 2887 1874),1qu0subipoearum

92 2906 293 2992 elegiacorum
315 2925 404 2970 usum
427 2926 496 2972 cum
518 2906 701 2988 optimorum
722 2907 900 2990 scriptorum
917 2907 1087 2989 comparari
1110 2925 1195 2972 secu·

90 3012 141 3077 tus
163 3028 241 3074 sum.

191 3147 227 3212 In
260 3165 401 3212 versuum
433 3146 565 3211 numeris
599 3145 763 3210 indicendis
793 3145 1105 3212 adhibuieditionem
1135 3145 1196 3209 Lu-

92 3250 172 3316 ciani
193 3249 334 3315 Muelleri
358 3250 455 3335 (Lips.
482 3251 577 3333 1870)
600 3250 630 3313 et
651 3249 730 3332 apud
751 3249 941 3332 Propertium
963 3249 1083 3332 quidem
1095 3268 1200 3312 uume-

89 3373 139 3421 roe
160 3352 245 3419 uncis
268 3372 327 3418 non
343 3352 484 3419 inclusos.
527 3352 799 3417 Baehrensiienim
815 3352 960 3418 editiones
975 3352 1100 3438 (Catuli.
1116 3353 1201 3446 [lips.

195 3526 215 3590 1)
233 3525 298 3580 haee
316 3525 385 3580 enim
404 3526 484 3579 rerba
502 3541 658 3594 quamquam
678 3526 711 3579 ad
729 3527 881 3579 accuratam
907 3527 1128 3593 comparationem
1154 3542 1198 3579 ue·

91 3629 166 3668 cesse
184 3614 261 3666 erant
279 3614 401 3682 neglecte
419 3612 519 3666 inveni:
539 3612 609 3679 apud
630 3612 779 3666 Catullum:
805 3612 904 3681 ‚egredi
927 3613 967 3666 bis
987 3630 1008 3667 c.
1027 3620 1073 3676 ex‘‚
1093 3613 1160 3666 erire
1180 3631 1201 3668 c.

89 3699 154 3762 abl„
172 3698 300 3767 expellere
320 3715 341 3753 c.
360 3697 421 3763 abl,
440 3713 590 3765 percurrere
609 3715 631 3751 c.
651 3715 716 3760 ace,
736 3715 776 3766 ap.
799 3699 946 3752 Tibullum:
973 3698 1098 3753 deducere
1124 3718 1145 3753 c.
1164 3718 1202 3762 ex,

90 3786 210 3856 ingerere
227 3787 270 3840 ter
290 3802 313 3840 c.
333 3784 396 3847 dat,
415 3785 528 3854 plurima
550 3800 590 3852 ap.
616 3784 800 3853 Propertium:
829 3785 947 3839 decidere
967 3804 987 3840 c.
1007 3804 1029 3848 a,
1056 3786 1156 3840 deicere
1182 3806 1203 3841 c.

92 3873 155 3938 abi,
174 3871 312 3928 detrahere
330 3873 411 3927 semel
429 3888 450 3926 c.
470 3888 494 3934 a,
511 3872 553 3925 ter
571 3888 594 3924 c.
614 3871 678 3935 dat,
692 3873 791 3940 eripere
805 3873 846 3926 bis
859 3891 878 3926 c.
894 3873 957 3936 dat,
973 3873 1087 3927 incidere
1102 3891 1124 3927 e.
1139 3874 1202 3937 dat,

89 3959 210 4027 ingerere
229 3975 251 4013 e.
271 3958 335 4020 raa,
354 3959 471 4012 avertere
490 3974 511 4011 c.
530 3957 593 4021 dat,
615 3958 757 4013 succedere
774 3960 815 4013 bis
837 3977 857 4013 c.
877 3960 930 4014 dat.

193 4046 214 4113 ²)
234 4045 266 4101 de
286 4044 345 4099 aliis
365 4043 563 4113 quaestionibus
583 4044 614 4097 de
635 4045 721 4098 verbis
740 4047 892 4114 compositis
911 4047 1141 4110 institutie„unae
1152 4063 1216 4092 m

91 4132 204 4202 neglexi,
223 4132 258 4188 cl.
280 4132 369 4186 Keller
386 4147 413 4200 p.
431 4130 448 4185 4
467 4147 537 4196 anu,
555 4131 604 4186 ubi
624 4135 801 4188 enumeratas
815 4132 953 4188 inuenies.
