2648 4476
571 1019 698 1196 Cap.
747 930 850 1157 ΠΙ.

156 1322 179 1416 ξ
221 1326 266 1396 12
317 1327 436 1397 Verba
472 1345 562 1415 quae
605 1344 682 1395 cum
717 1325 1032 1414 praepositionibus
1069 1328 1270 1416 composita

154 1450 385 1522 intransitiva
412 1451 450 1521 ui
476 1449 640 1538 simplicis
669 1449 795 1520 emissa
822 1449 859 1520 in
887 1449 1113 1523 transitivam
1133 1454 1274 1525 abeunt

408 1574 480 1645 vim
509 1573 750 1646 accusativum
778 1575 1004 1646 assumentia.

260 1771 442 1837 Huiusmodi
464 1771 564 1851 verbu,
587 1791 662 1855 quae
686 1774 737 1837 aut
758 1776 875 1837 motum
896 1776 931 1836 ut
953 1773 1005 1851 ,ire
1021 1773 1120 1837 uenire
1137 1785 1275 1840 currere·

155 1877 208 1938 aut
239 1878 352 1939 statum
382 1878 416 1938 ut
444 1879 534 1950 ,stare
565 1876 665 1941 sedere
697 1877 803 1941 iacere‘
837 1876 1016 1960 significant,
1049 1875 1129 1958 apud
1164 1883 1275 1960 poetas

64 1991 66 1996 ’
155 1979 272 2043 nestros
300 1983 519 2060 componuntur
548 1979 629 2043 hisce
657 1978 944 2062 praepositionibus:
973 1982 1016 2045 nrt
1043 1986 1117 2046 crate
1147 1984 1278 2050 ciream

154 2106 213 2150 core
235 2087 271 2149 cle
293 2107 331 2150 cr
352 2085 390 2148 in
413 2087 449 2149 el)
475 2106 535 2170 per
556 2107 635 2170 parce
660 2091 786 2169 praeter
815 2085 874 2148 sel
904 2090 1002 2151 trecas.
1057 2085 1114 2150 Sed
1145 2093 1182 2151 ut-
1212 2090 1278 2154 iarn

155 2209 243 2253 usum
266 2190 425 2254 verborum
449 2209 515 2253 crusii
540 2173 811 2271 praepositionibus
838 2191 1081 2270 compositorum,
1111 2209 1191 2271 quae
1222 2198 1277 2257 aut

155 2296 271 2356 sextum
295 2293 492 2356 mutantium
516 2312 618 2356 casum
642 2294 694 2355 aut
715 2291 965 2374 praepositionem
989 2295 1157 2368 assumunt,
1189 2298 1276 2376 pric-

154 2415 222 2460 rum
237 2397 407 2479 temporum
423 2395 628 2477 poetis'alium
645 2413 680 2458 ac
695 2393 909 2459 recentioribus
921 2395 1012 2460 fuisse
1025 2415 1114 2478 supra
1127 2396 1276 2471 vidimus.

154 2518 212 2563 ncn
233 2499 332 2564 minus
354 2499 444 2562 verba
465 2497 663 2569 intransitiva.
692 2516 768 2579 quae
797 2515 865 2561 cum
894 2499 1164 2582 praepositionibus
1198 2522 1275 2568 cen-

153 2601 254 2666 iuucta
275 2603 432 2667 transitive
454 2602 645 2683 usurpantur,
662 2600 717 2664 etsi
733 2600 812 2681 apud
828 2600 962 2666 omnium
979 2605 1149 2685 temporum
1173 2606 1275 2689 scrip-

153 2707 233 2770 tores
245 2706 446 2781 inveniuntur,
459 2707 561 2767 tamen
576 2722 593 2767 a
608 2702 833 2780 recentioribus,
850 2704 888 2768 ad
903 2723 976 2787 quos
992 2706 1154 2791 elegiarum
1173 2709 1274 2792 scn'p-

152 2811 233 2873 tores
266 2809 387 2893 propius
422 2807 576 2884 accedunt,
610 2805 700 2871 latius
737 2813 768 2871 et
803 2806 988 2890 frequentius
1025 2808 1205 2874 adhibentur
1214 2813 1273 2897 ²⁰).

152 2912 222 2980 Non
256 2913 377 2978 fortuito
412 2911 545 2977 accidere
580 2911 705 2987 videtur,
740 2913 774 2976 ut
804 2909 951 2987 Catullus,
982 2913 1091 2995 quippe
1120 2913 1274 2994 quinutu

152 3017 302 3082 maximus
332 3018 411 3082 inter
438 3035 488 3081 ecs
519 3015 623 3080 multis
644 3016 676 3079 in
697 3016 786 3079 rebus
807 3015 941 3098 priorum
962 3035 1050 3081 usum
1074 3019 1196 3082 secutus
1219 3021 1272 3096 sit,

151 3121 251 3187 verbis
280 3140 349 3185 cum
371 3119 640 3203 praepositionibus
661 3140 710 3202 ,en
732 3120 762 3183 et
790 3121 873 3184 ente
899 3118 1073 3202 compositis
1096 3119 1153 3184 hec
1176 3123 1272 3189 mcdc

152 3244 209 3289 nen
237 3228 347 3302 utatur,
378 3242 453 3306 quae
482 3223 655 3306 Propertius
685 3225 747 3290 iam
774 3224 958 3308 frequentius
988 3225 1123 3306 usurpat.
1156 3262 1197 3274 —-
1224 3227 1272 3293 Dc

153 3328 349 3413 quadraginta
381 3328 479 3392 verbis
506 3327 581 3392 haec
611 3345 717 3394 novem
750 3327 889 3407 ‚adurere
912 3326 1052 3394 advenire
1083 3327 1271 3396 circumcur-

155 3449 220 3497 sare
251 3430 407 3496 decurrere
439 3433 518 3497 exire
551 3432 684 3498 involare
718 3452 870 3517 pererrare
901 3431 1018 3517 perlabi
1048 3442 1217 3516 perrepere‘
1253 3455 1273 3503 a

152 3534 332 3616 scriptorum
354 3535 537 3616 optimorum
559 3534 701 3619 loquendi
723 3555 779 3601 usu
810 3536 978 3614 abhonent,
1010 3535 1088 3619 quod
1118 3551 1152 3600 er
1182 3556 1270 3604 ccm-

152 3637 306 3722 paratione
329 3658 397 3704 curn
420 3638 518 3704 uerbis
540 3658 558 3704 a
579 3634 740 3705 Kuehnero
766 3639 797 3705 ΙΙ
825 3660 855 3724 p.
888 3641 947 3706 199
970 3658 1033 3723 sqq.
1063 3640 1093 3705 et
1122 3658 1140 3703 a
1170 3639 1270 3708 Drac-

151 3759 222 3826 gerc
244 3739 274 3806 Π
296 3761 326 3824 p.
349 3743 412 3807 348
435 3761 498 3825 sqq.
522 3743 703 3809 enumeratis
719 3743 858 3809 instituta
874 3746 1007 3829 apparet,
1044 3742 1126 3824 Quae
1142 3745 1269 3827 quidem

152 3840 353 3858 ...ιιι-..ιι-

253 3879 286 3948 20)
304 3879 335 3933 de
354 3895 404 3947 quc
423 3881 539 3947 generali
558 3897 607 3934 usu
626 3881 775 3951 Draegerus
794 3879 823 3935 11
839 3898 862 3948 p.
877 3881 928 3936 348
942 3881 1047 3937 uberius
1061 3881 1178 3951 loquitur
1193 3884 1269 3942 hisce

151 3962 251 4019 verbis:
268 3966 320 4033 „ire
338 3965 442 4021 hairtam
464 3966 551 4023 laete
569 3968 615 4023 der
635 3969 741 4039 Sparten
759 3968 797 4024 tar
822 3965 865 4022 dte
892 3968 1010 4038 Spruche
1033 3986 1063 4024 so
1085 3967 1271 4029 seruantem

149 4049 200 4108 wie
224 4052 257 4109 e'n
280 4056 327 4111 der
353 4056 544 4112 &restructam
565 4058 652 4114 dieser
680 4059 850 4129 Conspicuam
879 4056 923 4113 die
945 4059 1059 4114 nwictcn
1079 4059 1195 4130 petrarca
1218 4064 1269 4121 der

140 4143 384 4201 mammaeam
399 4147 463 4205 Zee'l
479 4167 519 4204 are
537 4149 596 4205 raud
612 4149 752 4205 besortders
773 4146 905 4220 Apuleias
925 4149 983 4219 pelet
1002 4147 1062 4203 sehr
1080 4148 1141 4203 weit
1152 4150 1269 4210 dariam
