2648 4476
107 191 150 264 24

185 391 209 485 ξ
239 395 260 464 5
302 393 420 465 Verba
447 410 523 462 cum
552 411 614 460 cca
642 391 900 482 praepositione
930 391 1132 482 composita.

104 594 136 659 in
163 593 269 677 quibus
298 592 360 657 vim
388 591 616 675 praepositionis
637 592 800 658 maximam
822 613 886 659 esse
909 613 944 659 ex
967 593 1112 675 exemplis
1137 613 1216 677 quae

105 700 269 781 sequuntur
290 695 502 780 intelligemus,
524 694 652 760 induunt
679 697 850 779 generalem
880 697 1043 774 notionem,
1074 699 1108 760 ut
1138 716 1214 762 con-

103 801 215 866 iunctio
248 799 296 866 vel
327 797 507 864 consociatio
540 815 575 862 ac
606 800 789 881 comparatio
823 819 898 883 quae
931 819 1000 865 cum
1034 800 1136 881 aliquo
1166 801 1218 865 vel

104 904 256 988 aliquare
277 903 312 968 fit
333 902 525 987 significetur.
548 920 607 985 qua
627 901 694 983 ipsa
715 903 932 988 significatione
956 904 1106 984 duplicem
1124 923 1215 983 assu·

103 1008 190 1073 munt
225 1007 405 1072 structuram
437 1006 490 1070 aut
520 1004 772 1087 praepositionem
805 1008 945 1072 iteratam
977 1012 1029 1071 aut
1062 1007 1212 1072 dativum.

105 1108 165 1176 Sed
185 1111 247 1176 iam
268 1109 359 1175 verba
380 1109 446 1191 ipsa
467 1126 685 1175 enumeremus.

147 1247 398 1313 committere
421 1245 469 1330 (Ο.
492 1245 528 1311 Τ.
551 1246 600 1331 P.)
622 1265 741 1330 semper
762 1246 842 1329 apud
856 1247 960 1330 poetas
976 1245 1124 1330 elegiacos
1141 1263 1214 1311 cum

104 1349 205 1416 dativo
234 1349 367 1436 iungitur
393 1351 423 1415 et
450 1369 509 1415 uno
536 1349 603 1414 loco
632 1351 763 1434 excepto,
792 1350 845 1415 ubi
874 1369 971 1415 sensu,
984 1349 1104 1432 proprio
1126 1350 1213 1414 notio

104 1453 297 1537 comparandi
318 1452 437 1518 exhibet
423 1455 472 1518 tur
490 1453 525 1517 P.
541 1453 571 1517 Il
594 1454 613 1517 3
618 1455 725 1533 21
685 1457 725 1533 ‚te
740 1473 794 1518 sua
808 1473 877 1519 oum
892 1454 1031 1536 antiquae
1045 1456 1220 1519 committit

104 1556 215 1640 scripta
237 1555 403 1636 Corinnae
426 1556 566 1622 omnibus
584 1556 659 1622 locis
675 1575 729 1639 per
743 1557 971 1623 translationem
985 1558 1075 1623 verbo
1094 1558 1218 1626 dativus

104 1680 193 1744 quam
223 1660 350 1728 dicimus
378 1659 528 1726 commodi
541 1658 588 1726 vel
602 1660 784 1727 incommodi
807 1659 965 1743 adponitur
929 1661 1043 1745 urz(
1067 1661 1215 1745 tribuere,

105 1763 436 1846 commemorabilia
463 1761 1215 1848 0.102‚1‚siquicquamamaccora-missam

103 1875 149 1935 est
135 1868 226 1935 tfido
249 1869 286 1934 ab
308 1869 414 1935 amioo‘
434 1866 526 1954 (quod
540 1870 712 1955 qoioproaoc
735 1868 888 1935 codicibus
904 1871 1034 1936 adfirmat
1021 1874 1086 1936 tum
1105 1873 1218 1938 reicia-

103 1993 171 2041 mus
198 1974 321 2038 etcum
350 1972 532 2038 Baehrensio
563 1977 642 2061 qaid
669 1976 746 2063 acroi
775 1977 827 2038 aut
855 1993 924 2039 cum
946 1975 1110 2040 Ribbeckio
1132 1981 1215 2063 qaoi

103 2080 181 2164 qaid
209 2076 374 2142 scribamus
405 2094 463 2140 non
485 2078 666 2166 babemus).
690 2083 724 2146 Τ.
749 2081 763 2144 Ι
785 2079 856 2158 731
888 2079 1013 2160 ,primus
1038 2081 1215 2164 inexpertae

102 2183 261 2252 cominisit
275 2177 389 2244 semina
403 2184 511 2247 terroe
533 2185 575 2250 IV
600 2186 691 2264 l,196
711 2201 828 2266 ,corpus
843 2183 1031 2248 committere
1051 2185 1216 2269 smiraomc‘

103 2292 138 2356 P.
150 2289 249 2369 14‚19
265 2304 329 2367 ‚nec
341 2286 398 2349 tibi
413 2307 460 2351 me
476 2291 631 2371 posthaec
646 2286 966 2372 oocomidetCynthia‘
982 2291 1025 2354 IV
1040 2292 1092 2357 85
1103 2298 1218 2379 ,copiti

102 2393 290 2462 anancaeo
301 2391 428 2476 pondus‘
439 2392 481 2456 lV
497 2395 568 2473 loo
580 2394 726 2471 ‚obductis
737 2397 931 2462 committam
943 2415 1029 2462 mene
1042 2401 1177 2467 dolabris
1186 2407 1216 2467 P‘

103 2500 129 2567 V
160 2498 255 2578 1,104
284 2497 345 2575 ‚aul
372 2496 435 2560 sibi
462 2500 644 2566 calamiscos
671 2501 746 2567 fibra
775 2501 877 2568 locuta
897 2501 987 2568 deos‘.
1011 2504 1112 2586 Priap.
1139 2507 1213 2586 loa

101 2603 278 2691 ,acamisso
309 2602 393 2667 dailai
425 2652 432 2666 .
471 2653 477 2667 .
516 2605 623 2690 agello‘
657 2606 731 2683 203
754 2605 903 2687 ‚sutilibus
927 2606 1016 2671 Liber
1044 2613 1218 2679 coricrroittit

101 2710 215 2796 praelia
229 2709 356 2793 topasio
381 2708 452 2785 71,1
478 2709 513 2788 ‚si
534 2713 702 2776 amarciem
725 2729 809 2777 meaa
825 2729 928 2794 carpes
942 2715 1078 2795 pomaria
1094 2722 1210 2786 coraci

143 2867 368 2934 comparare
391 2848 451 2934 (o.)
474 2849 553 2933 apud
580 2848 613 2918 (l.
637 2852 731 2918 semel
749 2851 932 2934 praepositio
947 2855 1118 2937 geminatur
1133 2860 1209 2940 433

100 2958 212 3039 ,tecam
245 2952 353 3019 Lesbia
385 2959 486 3017 nostra
515 2958 746 3042 comparatam·
777 2954 882 3021 eadem
918 2956 1135 3041 significatione
1166 2965 1214 3029 ter

101 3062 219 3128 dativus
241 3057 419 3124 adscribitur
441 3077 560 3143 semper
580 3063 688 3129 iisdem
709 3061 808 3127 verbis
831 3060 871 3126 dl
894 3079 920 3125 v.
937 3060 989 3142 65,
1006 3062 1057 3143 70,
1076 3063 1117 3130 75
1132 3067 1214 3148 ‚quis

100 3167 176 3232 baca
196 3165 250 3259 deo
270 3160 483 3247 canapororior
504 3165 583 3231 ausit
594 3168 618 3229 Ρ*

142 3322 370 3389 componere
392 3301 439 3387 (O.
461 3303 510 3390 P.)
534 3309 651 3387 praeter
674 3305 839 3390 permultos
853 3304 946 3385 locos,
969 3327 1044 3390 quos
1067 3310 1211 3392 quoniam

102 3407 333 3498 praepositionis
356 3408 489 3491 potestas
510 3408 541 3474 in
564 3410 653 3478 verbo
683 3410 848 3492 composito
878 3410 954 3475 nihil
981 3413 1061 3478 valet
1092 3414 1211 3498 omitto,

102 3519 136 3584 ut
158 3514 193 3582 Τ.
216 3514 232 3580 Ι
253 3512 337 3593 2,91.
359 3511 432 3591 253
447 3511 490 3576 IV
507 3513 601 3592 1,100
622 3514 657 3579 P.
680 3514 694 3578 Ι
713 3514 806 3590 11‚14
821 3513 865 3578 IV
883 3513 932 3591 12,
948 3514 1000 3594 63,
1019 3515 1095 3595 aliis,
1116 3521 1213 3586 semel

103 3622 239 3687 dativum
259 3615 350 3683 verbo
373 3615 508 3681 additum
528 3617 629 3683 inveni
658 3616 851 3700 comparandi
881 3619 1001 3685 notione
1030 3619 1063 3686 O.
1093 3622 1211 3703 68,141

103 3723 214 3808 ,atquei
235 3739 290 3788 nec
304 3721 387 3786 diois
402 3718 538 3786 homines
552 3723 733 3809 componier
747 3740 876 3805 aequum
899 3727 960 3807 esd,
977 3725 1072 3790 semel
1094 3725 1212 3811 signifi-

102 3829 218 3896 catione
240 3825 437 3912 coniungendi
458 3826 494 3893 P.
516 3828 547 3894 Π
569 3829 641 3908 2,12
663 3827 835 3914 ‚Mercurio
858 3829 920 3896 suis
935 3828 1103 3916 virgineum
1119 3851 1207 3898 coro-

97 3934 244 4022 posaissc
263 3931 363 3997 latus‘.
406 3929 473 3999 Uno
490 3931 557 3998 loco
573 3954 630 4018 quo
645 3936 770 4002 verbum
784 3934 865 4000 idem
880 3934 962 4000 valet
976 3933 1054 4016 quod
1071 3935 1210 4019 simplex,

101 4039 283 4128 praepositio
314 4038 353 4104 ia
386 4035 555 4104 admittitur
586 4056 642 4125 pro
670 4040 824 4109 usitatiore
853 4038 953 4106 dativo
983 4037 1009 4102 P
1039 4038 1084 4105 Ill
1112 4041 1211 4124 eale

88 4147 233 4227 ,obsidiae
253 4148 293 4212 in
310 4164 364 4212 me
383 4143 565 4231 conponat
